@Misc{TorPluggableTransports,
  author = {\url{https://www.torproject.org/docs/pluggable-transports.html.en}},
  title  = {Tor: Pluggable Transports},
  author = {The Tor Project},
  year = {2018},
  urldate = {2018/09/26}
}
